@inproceedings{kang2018self,
  title={Self-attentive sequential recommendation},
  author={Kang, Wang-Cheng and McAuley, Julian},
  booktitle={2018 IEEE international conference on data mining (ICDM)},
  pages={197--206},
  year={2018},
  organization={IEEE}
}

@article{hidasi2015session,
  title={Session-based Recommendations with Recurrent Neural Networks},
  author={Hidasi, B},
  journal={arXiv preprint arXiv:1511.06939},
  year={2015}
}

@inproceedings{wu2017recurrent,
  title={Recurrent recommender networks},
  author={Wu, Chao-Yuan and Ahmed, Amr and Beutel, Alex and Smola, Alexander J and Jing, How},
  booktitle={Proceedings of the tenth ACM international conference on web search and data mining},
  pages={495--503},
  year={2017}
}

@misc{goodfellow2016deep,
  title={Deep learning},
  author={Goodfellow, Ian},
  year={2016},
  publisher={MIT press}
}

@article{chung2014empirical,
  title={Empirical evaluation of gated recurrent neural networks on sequence modeling},
  author={Chung, Junyoung and Gulcehre, Caglar and Cho, KyungHyun and Bengio, Yoshua},
  journal={arXiv preprint arXiv:1412.3555},
  year={2014}
}

@inproceedings{tang2018personalized,
  title={Personalized top-n sequential recommendation via convolutional sequence embedding},
  author={Tang, Jiaxi and Wang, Ke},
  booktitle={Proceedings of the eleventh ACM international conference on web search and data mining},
  pages={565--573},
  year={2018}
}

@misc{amazon_reviews_2023,
    title = {Amazon Reviews 2023},
    year = {2023},
    note = {n.d.},
    url = {https://amazon-reviews-2023.github.io/}
}

@misc{satrap_2021,
    author = {Satrap, A.},
    title = {Amazon beauty product recommendation},
    year = {2021},
    note = {Conjunto de datos},
    publisher = {Kaggle},
    url = {https://www.kaggle.com/datasets/satrapankti/amazon-beauty-product-recommendation}
}

@article{ali2024analyzing,
  title={Analyzing amazon products sentiment: a comparative study of machine and deep learning, and transformer-based techniques},
  author={Ali, Hashir and Hashmi, Ehtesham and Yayilgan Yildirim, Sule and Shaikh, Sarang},
  journal={Electronics},
  volume={13},
  number={7},
  pages={1305},
  year={2024},
  publisher={MDPI}
}

@article{escamillasistema,
  title={Sistema de recomendaci{\'o}n h{\'\i}brido basado en grafos con enfoque a art{\'\i}culos cient{\'\i}ficos},
  author={Escamilla-Ornelas, Jorge M},
  publisher={ITESO},
  year = {2021},
}